@inproceedings{adam,
   author = {Adam, Paszke and Soumith, Chintala and Gregory, Chanan and Edward, Yang and Zachary, DeVito and Zeming, Lin and Alban, Desmaison and Luca, Antiga and Adam, Lerer},
   title = {Automatic differentiation in pytorch},
   booktitle = {Proceedings of Neural Information Processing Systems},
   type = {Conference Proceedings}
}

@article{audebert18,
   author = {Audebert, Nicolas and Le Saux, Bertrand and Lef{\`e}vre, S{\'e}bastien},
   title = {Beyond RGB: Very high resolution urban remote sensing with multimodal deep networks},
   journal = {ISPRS Journal of Photogrammetry and Remote Sensing},
   volume = {140},
   pages = {20-32},
   ISSN = {0924-2716},
   year = {2018},
   type = {Journal Article}
}

@article{baltsavias04,
   author = {Baltsavias, E. P.},
   title = {Object extraction and revision by image analysis using existing geodata and knowledge: current status and steps towards operational systems},
   journal = {ISPRS Journal of Photogrammetry and Remote Sensing},
   volume = {58},
   number = {3},
   pages = {129-151},
   ISSN = {0924-2716},
   DOI = {10.1016/j.isprsjprs.2003.09.002},
   year = {2004},
   type = {Journal Article}
}

@misc{dataload19,
   url = {https://pytorch.org/tutorials/beginner/data_loading_tutorial.html},
   year = {2019},
   type = {Web Page}
}

@misc{autograd19,
   url = {https://pytorch.org/docs/stable/notes/autograd.html},
   year = {2019},
   type = {Web Page}
}

@article{chen18,
   author = {Chen, Fang and Yu, Bo and Li, Bin},
   title = {A practical trial of landslide detection from single-temporal Landsat8 images using contour-based proposals and random forest: a case study of national Nepal},
   journal = {Landslides},
   volume = {15},
   number = {3},
   pages = {453-464},
   ISSN = {1612-510X},
   DOI = {10.1007/s10346-017-0884-x},
   year = {2018},
   type = {Journal Article}
}

@article{ioffe15,
   author = {Ioffe, Sergey and Szegedy, Christian},
   title = {Batch Normalization: Accelerating Deep Network Training by Reducing Internal Covariate Shift},
   year = {2015},
   type = {Journal Article}
}

@article{kargel16,
   author = {Kargel, J. S. and Leonard, G. J. and Shugar, D. H. and Haritashya, U. K. and Bevington, A. and Fielding, E. J. and Fujita, K. and Geertsema, M. and Miles, E. S. and Steiner, J. and Anderson, E. and Bajracharya, S. and Bawden, G. W. and Breashears, D. F. and Byers, A. and Collins, B. and Dhital, M. R. and Donnellan, A. and Evans, T. L. and Geai, M. L. and Glasscoe, M. T. and Green, D. and Gurung, D. R. and Heijenk, R. and Hilborn, A. and Hudnut, K. and Huyck, C. and Immerzeel, W. W. and Liming, Jiang and Jibson, R. and Kääb, A. and Khanal, N. R. and Kirschbaum, D. and Kraaijenbrink, P. D. A. and Lamsal, D. and Shiyin, Liu and Mingyang, Lv and McKinney, D. and Nahirnick, N. K. and Zhuotong, Nan and Ojha, S. and Olsenholler, J. and Painter, T. H. and Pleasants, M. and Pratima, K. C. and Yuan, Q. I. and Raup, B. H. and Regmi, D. and Rounce, D. R. and Sakai, A. and Donghui, Shangguan and Shea, J. M. and Shrestha, A. B. and Shukla, A. and Stumm, D. and van Der Kooij, M. and Voss, K. and Xin, Wang and Weihs, B. and Wolfe, D. and Lizong, Wu and Xiaojun, Yao and Yoder, M. R. and Young, N.},
   title = {Geomorphic and geologic controls of geohazards induced by Nepal's 2015 Gorkha earthquake},
   journal = {Science (New York, N.Y.)},
   volume = {351},
   number = {6269},
   year = {2016},
   type = {Journal Article}
}


@article{krizhevsky17,
   author = {Krizhevsky, Alex and Sutskever, Ilya and Hinton, Geoffrey},
   title = {ImageNet classification with deep convolutional neural networks},
   journal = {Communications of the ACM},
   volume = {60},
   number = {6},
   pages = {84-90},
   DOI = {10.1145/3065386},
   year = {2017},
   type = {Journal Article}
}

@misc{long15,
   author = {Long, J. and Shelhamer, E. and Darrell, T.},
   title = {Fully convolutional networks for semantic segmentation},
   volume = {07-12-},
   pages = {3431-3440},
   keywords = {Computing and Processing},
   ISBN = {10636919},
   year = {2015},
   type = {Generic}
}

@inproceedings{maggiori17a,
   author = {Maggiori, Emmanuel and Tarabalka, Yuliya and Charpiat, Guillaume and Alliez, Pierre},
   title = {Can semantic labeling methods generalize to any city? the inria aerial image labeling benchmark},
   booktitle = {2017 IEEE International Geoscience and Remote Sensing Symposium (IGARSS)},
   publisher = {IEEE},
   pages = {3226-3229},
   ISBN = {1509049517},
   year={2017},
   type = {Conference Proceedings}
}

@article{maggiori17b,
   author = {Maggiori, Emmanuel and Tarabalka, Yuliya and Charpiat, Guillaume and Alliez, Pierre},
   title = {Convolutional Neural Networks for Large-Scale Remote-Sensing Image Classification},
   journal = {IEEE Transactions on Geoscience and Remote Sensing},
   volume = {55},
   number = {2},
   pages = {645-657},
   ISSN = {0196-2892},
   DOI = {10.1109/TGRS.2016.2612821},
   year = {2017},
   type = {Journal Article}
}

@article{marmanis16,
   author = {Marmanis, Dimitrios and Datcu, Mihai and Esch, Thomas and Stilla, Uwe},
   title = {Deep Learning Earth Observation Classification Using ImageNet Pretrained Networks},
   journal = {IEEE Geoscience and Remote Sensing Letters},
   volume = {13},
   number = {1},
   pages = {105-109},
   ISSN = {1545-598X},
   DOI = {10.1109/LGRS.2015.2499239},
   year = {2016},
   type = {Journal Article}
}

@article{mayer08,
   author = {Mayer, Helmut},
   title = {Object extraction in photogrammetric computer vision},
   journal = {ISPRS Journal of Photogrammetry and Remote Sensing},
   volume = {63},
   number = {2},
   pages = {213-222},
   ISSN = {0924-2716},
   DOI = {10.1016/j.isprsjprs.2007.08.008},
   year = {2008},
   type = {Journal Article}
}

@misc{mnih13,
   author = {Mnih, Volodymyr},
   title = {Machine Learning for Aerial Image Labeling},
   publisher = {ProQuest Dissertations Publishing},
   year = {2013},
   type = {Generic}
}

@article{nair18,
   author = {Nair, Surag and Genthial, Guillaume and Moindrot, Olivier},
   title = {Introduction to PyTorch Code Examples},
   url = {https://cs230-stanford.github.io/pytorch-getting-started.html},
   year = {2018},
   type = {Journal Article}
}

@article{shelhamer17,
   author = {Shelhamer, Evan and Long, Jonathan and Darrell, Trevor},
   title = {Fully Convolutional Networks for Semantic Segmentation},
   journal = {IEEE Transactions on Pattern Analysis and Machine Intelligence},
   volume = {39},
   number = {4},
   pages = {640-651},
   ISSN = {0162-8828},
   DOI = {10.1109/TPAMI.2016.2572683},
   year = {2017},
   type = {Journal Article}
}

@article{simonyan14,
   author = {Simonyan, Karen and Zisserman, Andrew},
   title = {Very Deep Convolutional Networks for Large-Scale Image Recognition},
   year = {2014},
   type = {Journal Article}
}

@misc{smola11,
   author = {Smola, A},
   title = {Real Simple Covariate Shift Correction},
   volume = {2019},
   number = {09/05},
   url = {https://blog.smola.org/post/4110255196/real-simple-covariate-shift-correction},
   year = {2011},
   type = {Web Page}
}

@article{Springenberg14,
   author = {Springenberg, Jost Tobias and Dosovitskiy, Alexey and Brox, Thomas and Riedmiller, Martin},
   title = {Striving for Simplicity: The All Convolutional Net},
   year = {2014},
   type = {Journal Article}
}



@article{volpi17,
   author = {Volpi, Michele and Tuia, Devis},
   title = {Dense Semantic Labeling of Subdecimeter Resolution Images With Convolutional Neural Networks},
   journal = {IEEE Transactions on Geoscience and Remote Sensing},
   volume = {55},
   number = {2},
   pages = {881-893},
   ISSN = {0196-2892},
   DOI = {10.1109/TGRS.2016.2616585},
   year = {2017},
   type = {Journal Article}
}

@article{xiao17,
   author = {Xiao Xiang, Zhu and Tuia, Devis and Lichao, Mou and Gui-Song, Xia and Liangpei, Zhang and Feng, Xu and Fraundorfer, Friedrich},
   title = {Deep Learning in Remote Sensing: A Comprehensive Review and List of Resources},
   journal = {IEEE Geoscience and Remote Sensing Magazine},
   volume = {5},
   number = {4},
   pages = {8-36},
   ISSN = {2473-2397},
   DOI = {10.1109/MGRS.2017.2762307},
   year = {2017},
   type = {Journal Article}
}

@article{duro12,
   author = {Duro, Dennis C. and Franklin, Steven E. and Dub{\'e}, Monique G.},
   title = {A comparison of pixel-based and object-based image analysis with selected machine learning algorithms for the classification of agricultural landscapes using SPOT-5 HRG imagery},
   journal = {Remote Sensing of Environment},
   volume = {118},
   pages = {259-272},
   ISSN = {0034-4257},
   year = {2012},
   type = {Journal Article}
}

@article{hussain13,
   author = {Hussain, M. and Chen, D. and Cheng, A. and Wei, H. and Stanley, D.},
   title = {Change detection from remotely sensed images: From pixel-based to object-based approaches},
   journal = {ISPRS Journal of Photogrammetry and Remote Sensing},
   volume = {80},
   pages = {91-106},
   ISSN = {09242716},
   DOI = {10.1016/j.isprsjprs.2013.03.006},
   year = {2013},
   type = {Journal Article}
}

@article{martha11,
   author = {Martha, T. R. and Kerle, N. and van Westen, C. J. and Jetten, V. and Kumar, K. V.},
   title = {Segment Optimization and Data-Driven Thresholding for Knowledge-Based Landslide Detection by Object-Based Image Analysis},
   journal = {IEEE Transactions on Geoscience and Remote Sensing},
   volume = {49},
   number = {12},
   pages = {4928-4943},
   ISSN = {0196-2892},
   DOI = {10.1109/TGRS.2011.2151866},
   year = {2011},
   type = {Journal Article}
}


@article{tsang16,
   author = {Tsangaratos, Paraskevas and Ilia, Ioanna},
   title = {Comparison of a logistic regression and Naïve Bayes classifier in landslide susceptibility assessments: The influence of models complexity and training dataset size},
   journal = {Catena},
   volume = {145},
   pages = {164-179},
   ISSN = {0341-8162},
   DOI = {10.1016/j.catena.2016.06.004},
   year = {2016},
   type = {Journal Article}
}

